@INPROCEEDINGS{1,
author={Smietanka, G. and Geldmacher, J. and Gotze, J.}, 
booktitle={Industrial Technology (ICIT), 2013 IEEE International Conference on}, 
title={Error detection based on correlation analysis for BCH encoded UHF RFID communication}, 
year={2013}, 
month={Feb}, 
pages={1666-1670}, 
keywords={BCH codes;error detection codes;error statistics;forward error correction;protocols;radiofrequency identification;transponders;BCH FEC code;BCH decoding;BCH encoded UHF RFID communication;CRC code;CRC-based transmission;EPC class-1 Gen-2 protocol;RFID transmission;SNR;bit error rate;correlation analysis;dyadic backscatter channel;electronic product code class-1 Gen-2 protocol;error detection;forward error correction;passive transponders;range radiofrequency identification;transmission error detection;wireless transmission technique}, 
doi={10.1109/ICIT.2013.6505924},
}

@INPROCEEDINGS{2,
author={Morelos-Zaragoza, R.}, 
booktitle={Internet of Things (iThings/CPSCom), 2011 International Conference on and 4th International Conference on Cyber, Physical and Social Computing}, 
title={On Error Performance Improvements of Passive UHF RFID Systems via Syndrome Decoding}, 
year={2011}, 
month={Oct}, 
pages={127-130}, 
keywords={AWGN;Rayleigh channels;UHF radio propagation;decoding;error correction codes;radiofrequency identification;additive white Gaussian noise;backscatter biphase;cyclic redundancy check;electronic product code;error correcting technique;error performance;error rate;flat Rayleigh fading channel models;look up table;passive UHF RFID Systems;received EPC;single errors;syndrome decoding;tag to reader link;Bit error rate;Decoding;Generators;Passive RFID tags;Table lookup;Radio-frequency identification (RFID);error correction;look-up table;tag error rate}, 
doi={10.1109/iThings/CPSCom.2011.132},}

@ARTICLE{3,
author={Yun Tian and Gongliang Chen and Jianhua Li}, 
journal={Communications Letters, IEEE}, 
title={A New Ultralightweight RFID Authentication Protocol with Permutation}, 
year={2012}, 
month={May}, 
volume={16}, 
number={5}, 
pages={702-705}, 
keywords={cryptographic protocols;data privacy;radiofrequency identification;telecommunication security;RAPP;bitwise XOR;communication cost;computation operation;desynchronization attack;left rotation;permutation;privacy;security analysis;storage requirement;ultralightweight RFID authentication protocol;Authentication;Databases;Privacy;Protocols;Radiofrequency identification;Resistance;RFID;authentication protocol;permutation;ultralightweight}, 
doi={10.1109/LCOMM.2012.031212.120237}, 
ISSN={1089-7798},}

@ARTICLE{4,
year={2010},
issn={1387-3326},
journal={Information Systems Frontiers},
volume={12},
number={5},
doi={10.1007/s10796-009-9216-6},
title={A lightweight anti-desynchronization RFID authentication protocol},
url={http://dx.doi.org/10.1007/s10796-009-9216-6},
publisher={Springer US},
keywords={Radio frequency identification; Lightweight; Authentication protocol; Anti-desynchronization},
author={Zhou, Shijie and Zhang, Zhen and Luo, Zongwei and Wong, Edward C.},
pages={521-528},
language={English}
}

@ARTICLE{5,
year={2014},
journal={The Scientific World Journal},
volume={2014},
doi={10.1155/2014/704623},
title={A Secure RFID Authentication Protocol Adopting Error Correction Code},
publisher={The Scientific World Journal},
author={Chen, Chien-Ming and Chen, Shuai-Min and Zheng, Xinying and Chen, Pei-Yu and Sun, Hung-Min},
pages={12},
language={English}
}